<record><leader>00000cas a22000007a 4500</leader><controlfield tag="001">10089291</controlfield><controlfield tag="008">831103d1868187unyuwr ne      0    0eng d</controlfield><datafield ind1=" " ind2=" " tag="010"><subfield code="a">sn 83031712 </subfield></datafield><datafield ind1=" " ind2=" " tag="040"><subfield code="a">NPU</subfield><subfield code="b">eng</subfield><subfield code="c">NPU</subfield><subfield code="d">NPX</subfield><subfield code="d">NYS</subfield><subfield code="d">OCLCQ</subfield></datafield><datafield ind1=" " ind2=" " tag="042"><subfield code="a">msc</subfield></datafield><datafield ind1="0" ind2=" " tag="130"><subfield code="a">Local record (Youngsville, N.Y.)</subfield></datafield><datafield ind1="1" ind2="0" tag="245"><subfield code="a">Local record.</subfield></datafield><datafield ind1=" " ind2=" " tag="260"><subfield code="a">Youngsville, N.Y. :</subfield><subfield code="b">Morgans &amp; Childs,</subfield><subfield code="c">1868-</subfield></datafield><datafield ind1=" " ind2=" " tag="300"><subfield code="a">5 v. ;</subfield><subfield code="c">47 cm.</subfield></datafield><datafield ind1=" " ind2=" " tag="310"><subfield code="a">Weekly</subfield></datafield><datafield ind1="0" ind2=" " tag="362"><subfield code="a">Vol. 1, no. 21 (Aug. 14, 1868)-</subfield></datafield><datafield ind1=" " ind2=" " tag="500"><subfield code="a">Published at: Youngsville, N.Y., 1868-&lt;1869&gt;; at Jeffersonville, N.Y., &lt;1872&gt;.</subfield></datafield><datafield ind1=" " ind2=" " tag="500"><subfield code="a">Publishers: Morgan &amp; Childs, 1868-&lt;1869&gt;; Arthur Bird, &lt;1872&gt;.</subfield></datafield><datafield ind1=" " ind2=" " tag="588"><subfield code="a">Latest issue consulted: Vol. 5, no. 40 (Dec. 19, 1872).</subfield></datafield><datafield ind1=" " ind2="4" tag="651"><subfield code="a">Youngsville (N.Y.)</subfield><subfield code="v">Newspapers.</subfield></datafield><datafield ind1=" " ind2="4" tag="651"><subfield code="a">Jeffersonville (N.Y.)</subfield><subfield code="v">Newspapers.</subfield></datafield><datafield ind1=" " ind2="4" tag="651"><subfield code="a">Sullivan County (N.Y.)</subfield><subfield code="v">Newspapers.</subfield></datafield><datafield ind1=" " ind2=" " tag="752"><subfield code="a">United States</subfield><subfield code="b">New York</subfield><subfield code="c">Sullivan</subfield><subfield code="d">Jeffersonville.</subfield></datafield><datafield ind1=" " ind2=" " tag="752"><subfield code="a">United States</subfield><subfield code="b">New York</subfield><subfield code="c">Sullivan</subfield><subfield code="d">Youngsville.</subfield></datafield><datafield ind1="0" ind2="0" tag="780"><subfield code="t">Callicoon local record</subfield><subfield code="w">(DLC)sn 90066293</subfield><subfield code="w">(OCoLC)22391585</subfield></datafield><datafield ind1="0" ind2="0" tag="785"><subfield code="t">Sullivan County record</subfield><subfield code="w">(DLC)sn 83031330</subfield><subfield code="w">(OCoLC)9860835</subfield></datafield></record>